<record><leader>00000cas a2200000 a 4500</leader><controlfield tag="001">11327115</controlfield><controlfield tag="008">841030d19281961mtudr ne      0    0eng c</controlfield><datafield ind1=" " ind2=" " tag="010"><subfield code="a">sn 84024813 </subfield></datafield><datafield ind1=" " ind2=" " tag="040"><subfield code="a">NPV</subfield><subfield code="b">eng</subfield><subfield code="c">NPV</subfield><subfield code="d">MTL</subfield><subfield code="d">DLC</subfield><subfield code="d">OCLCQ</subfield><subfield code="d">DLC</subfield><subfield code="d">OCLCQ</subfield><subfield code="d">OCLCF</subfield></datafield><datafield ind1="1" ind2=" " tag="029"><subfield code="a">AU@</subfield><subfield code="b">000020375246</subfield></datafield><datafield ind1=" " ind2=" " tag="042"><subfield code="a">pcc</subfield></datafield><datafield ind1=" " ind2=" " tag="043"><subfield code="a">n-us-mt</subfield></datafield><datafield ind1="0" ind2="0" tag="050"><subfield code="a">Newspaper</subfield></datafield><datafield ind1="0" ind2=" " tag="130"><subfield code="a">Montana standard (Butte, Mont. : 1928)</subfield></datafield><datafield ind1="1" ind2="4" tag="245"><subfield code="a">The Montana standard.</subfield></datafield><datafield ind1="1" ind2=" " tag="246"><subfield code="i">Saturday issues for Nov. 14, 1959-July 22, 1961 published as:</subfield><subfield code="a">Montana standard-post</subfield></datafield><datafield ind1="3" ind2="0" tag="246"><subfield code="a">Standard</subfield></datafield><datafield ind1="1" ind2="3" tag="246"><subfield code="a">Anaconda standard</subfield></datafield><datafield ind1=" " ind2=" " tag="260"><subfield code="a">Butte, Mont. :</subfield><subfield code="b">Standard Pub. Co.,</subfield><subfield code="c">1928-1961.</subfield></datafield><datafield ind1=" " ind2=" " tag="300"><subfield code="a">20 v.</subfield></datafield><datafield ind1=" " ind2=" " tag="310"><subfield code="a">Daily</subfield></datafield><datafield ind1="0" ind2=" " tag="362"><subfield code="a">Vol. 65, no. 351 (Sept. 12, 1928)-v. 85, no. 318 (July 22, 1961).</subfield></datafield><datafield ind1=" " ind2=" " tag="500"><subfield code="a">Saturday edition, Nov. 14, 1959-July 22, 1961, published in combined issue with Butte daily post, called: Montana standard-post.</subfield></datafield><datafield ind1=" " ind2=" " tag="500"><subfield code="a">Combining the Butte miner and the Sunday and Butte ed. of the Anaconda standard.</subfield></datafield><datafield ind1=" " ind2=" " tag="515"><subfield code="a">Publication suspended Sept. 30-Oct. 31, 1945.</subfield></datafield><datafield ind1=" " ind2=" " tag="530"><subfield code="a">Available on microfilm from Bell &amp; Howell Informationa and Learning and the Library of Congress, Photoduplication Service.</subfield></datafield><datafield ind1=" " ind2=" " tag="580"><subfield code="a">Merged with: Butte daily post, to form: Montana standard and the Butte daily post.</subfield></datafield><datafield ind1=" " ind2="0" tag="651"><subfield code="a">Butte (Mont.)</subfield><subfield code="v">Newspapers.</subfield></datafield><datafield ind1=" " ind2="0" tag="651"><subfield code="a">Butte-Silver Bow (Mont.)</subfield><subfield code="v">Newspapers.</subfield></datafield><datafield ind1=" " ind2="0" tag="651"><subfield code="a">Silver Bow County (Mont.)</subfield><subfield code="v">Newspapers.</subfield></datafield><datafield ind1=" " ind2="7" tag="655"><subfield code="a">Newspapers.</subfield><subfield code="2">fast</subfield><subfield code="0">(OCoLC)fst01423814</subfield></datafield><datafield ind1=" " ind2="7" tag="651"><subfield code="a">Montana</subfield><subfield code="z">Butte.</subfield><subfield code="2">fast</subfield><subfield code="0">(OCoLC)fst01213861</subfield></datafield><datafield ind1=" " ind2="7" tag="651"><subfield code="a">Montana</subfield><subfield code="z">Butte-Silver Bow.</subfield><subfield code="2">fast</subfield><subfield code="0">(OCoLC)fst01215152</subfield></datafield><datafield ind1=" " ind2="7" tag="651"><subfield code="a">Montana</subfield><subfield code="z">Silver Bow County.</subfield><subfield code="2">fast</subfield><subfield code="0">(OCoLC)fst01215162</subfield></datafield><datafield ind1=" " ind2=" " tag="752"><subfield code="a">United States</subfield><subfield code="b">Montana</subfield><subfield code="c">Silver Bow</subfield><subfield code="d">Butte.</subfield></datafield><datafield ind1="0" ind2="0" tag="780"><subfield code="t">Butte miner (Butte, Mont. : Daily)</subfield><subfield code="w">(DLC)sn 84024810</subfield><subfield code="w">(OCoLC)11327136</subfield></datafield><datafield ind1="1" ind2="7" tag="785"><subfield code="t">Butte daily post</subfield><subfield code="w">(DLC)sn 85053058</subfield><subfield code="w">(OCoLC)11748718</subfield></datafield><datafield ind1="1" ind2="7" tag="785"><subfield code="t">Montana standard and the Butte daily post</subfield><subfield code="w">(DLC)sn 85053097</subfield><subfield code="w">(OCoLC)11938428</subfield></datafield></record>